
@inbook{Schervish::1995,
	Author = {Mark J. Schervish},
	Booktitle = {Theory of Statistics},
	pages = {1 - 24},
	Year = {1995},
	Series = {Springer Series in Statistics},
	Publisher = {Springer-Verlag New York}
}

@article{Wang:2019:VBVM,
	Author = {Yixin Wang and David M. Blei},
	Title = {Frequentist Consistency of Variational Bayes},
	Journal = {Journal of the American Statistical Association},
	Volume = {114},
	Number = {527},
	Pages = {1147-1161},
	Year  = {2019},
	Publisher = {Taylor & Francis},
	Bdsk-Url-1 = { 
	https://doi.org/10.1080/01621459.2018.1473776}}

@inbook{Asymptotics:2000,
	Author = {A.W. van der Vaart},
	Booktitle = {Asymptotic Statistics},
	Pages = {138-152},
	Publisher = {Cambridge University Press},
	Series = {Cambridge Series in Statistical and Probablistic
	Mathematics},
	Title = {Asymptotic Statistics},
	Year = {2000}
}

@article{kleijn2012,
	author = {Kleijn, B.J.K. and van der Vaart, A.W.},
	journal = {Electron. J. Statist.},
	pages = {354--381},
	publisher = {The Institute of Mathematical Statistics and the Bernoulli Society},
	title = {The Bernstein-Von-Mises theorem under misspecification},
	volume = {6},
	year = {2012}
}

@article{Lu:2017,
	author = {Lu, Yulong and Stuart, Andrew and Weber, Hendrik},
	title = {Gaussian Approximations for Probability Measures on $R^d$},
	journal = {SIAM/ASA Journal on Uncertainty Quantification},
	volume = {5},
	number = {1},
	pages = {1136-1165},
	year = {2017},
	Bdsk-Url-1 = {https://epubs.siam.org/doi/abs/10.1137/16M1105384}
}

@article{GiordanoJMLR,
	author = {Giordano, Ryan and Broderick, Tamara and Jordan, Michael I.},
	title = {Covariances, Robustness and Variational Bayes},
	year = {2018},
	issue_date = {January 2018},
	publisher = {JMLR},
	volume = {19},
	number = {1},
	journal = {J. Mach. Learn. Res.},
	pages = {1981-2029}
}

@misc{f2020,
	title={f-Divergence Variational Inference}, 
	author={Neng Wan and Dapeng Li and Naira Hovakimyan},
	year={2020},
	eprint={2009.13093},
	archivePrefix={arXiv, to appear in NeurIPS 2020},
	primaryClass={cs.LG}
}

@incollection{renyi2016,
	title = {R\'{e}nyi Divergence Variational Inference},
	author = {Li, Yingzhen and Turner, Richard E},
	booktitle = {Advances in Neural Information Processing Systems 29},
	pages = {1073-1081},
	year = {2016}
}

@incollection{Wang::mis2019,
	title = {Variational Bayes under Model Misspecification},
	author = {Yixin Wang and David Blei},
	booktitle = {Advances in Neural Information Processing Systems 32},
	pages = {13357--13367},
	year = {2019}
}

@incollection{Doob::1949,
	title = {Application of The Theory of Martingales},
	author = {Joseph L. Doob},
	year = {1949},
	booktitle = {Actes du Colloque International Le Calcul des Probabilit\'{e}s et ses applications}
}

@article{VIReview,
	title = {Variational Inference: A Review for Statisticians},
	author = {David M. Blei and Alp Kucukelbir and Jon D. McAuliffe},
	year = {2017},
	pages = {859-877},
	journal = {Journal of the American Statistical Association},
	volume = {112},
	publisher = {Taylor & Francis}
}

@inbook{Bishop::2006,
	Booktitle = {Pattern Recognition and Machine Learning},
	author = {Christopher M. Bishop},
	pages = {466-467},
	year = {2006},
	publisher = {Springer},
	series = {Information Science and Statistics}
	}

@article{Castillo::2015,
	title = {A Bernstein--von Mises theorem for smooth functionals in semiparametric models},
	author = {Ismael Castillo and Judith Rousseau},
	year = {2015},
	pages = {2353-2383},
	journal = {Annals of Statistics},
	volume = {43}
}

@article{Castillo::2013,
	title = {Nonparametric Bernstein--von Mises theorems in Gaussian white noise},
	author = {Ismael Castillo and Richard Nickl},
	year = {2013},
	pages = {1999-2028},
	journal = {Annals of Statistics},
	volume = {41}}